% ML-DSA (Light) & ML-KEM (Parallel)
@inproceedings{Mandal2024,
    author       = {Suraj Mandal and
                    Debapriya Basu Roy},
    title        = {KiD: {A} Hardware Design Framework Targeting Unified {NTT} Multiplication
                    for CRYSTALS-Kyber and CRYSTALS-Dilithium on {FPGA}},
    booktitle    = {37th International Conference on {VLSI} Design and 23rd International
                    Conference on Embedded Systems, {VLSID} 2024, Kolkata, India, January
                    6-10, 2024},
    pages        = {455--460},
    publisher    = {{IEEE}},
    year         = {2024},
    url          = {https://doi.org/10.1109/VLSID60093.2024.00082},
    doi          = {10.1109/VLSID60093.2024.00082},
}

% ML-KEM (Light)
@inproceedings{Zhang2021,
    author       = {Cong Zhang and
                    Dongsheng Liu and
                    Xingjie Liu and
                    Xuecheng Zou and
                    Guangda Niu and
                    Bo Liu and
                    Quming Jiang},
    title        = {Towards Efficient Hardware Implementation of {NTT} for Kyber on FPGAs},
    booktitle    = {{IEEE} International Symposium on Circuits and Systems, {ISCAS} 2021,
                    Daegu, South Korea, May 22-28, 2021},
    pages        = {1--5},
    publisher    = {{IEEE}},
    year         = {2021},
    url          = {https://doi.org/10.1109/ISCAS51556.2021.9401170},
    doi          = {10.1109/ISCAS51556.2021.9401170},
}

% ML-DSA (Parallel)
@article{Geng2023,
    author   = {Geng, Yue and Hu, Xiao and Li, Minghao and Wang, Zhongfeng},
    journal  = {IEEE Transactions on Circuits and Systems II: Express Briefs},
    title    = {Rethinking Parallel Memory Access Pattern in Number Theoretic Transform Design},
    year     = {2023},
    volume   = {70},
    number   = {5},
    pages    = {1689-1693},
    doi      = {10.1109/TCSII.2023.3260811}
}