@article{Kim2013,
  title={Cryptanalysis of INCrypt32 in HID's iCLASS Systems},
  author={Kim, ChangKyun and Jung, Eun-Gu and Lee, Dong Hoon and Jung, Chang-Ho and Han, Daewan},
  journal={IEICE Transactions on Fundamentals of Electronics, Communications and Computer Sciences},
  volume={96},
  number={1},
  pages={35--41},
  year={2013},
  publisher={The Institute of Electronics, Information and Communication Engineers}
}

@ARTICLE{Eslami2006,
  author={Eslami, Y. and Sheikholeslami, A. and Gulak, P.G. and Masui, S. and Mukaida, K.},
  journal={IEEE Transactions on Very Large Scale Integration (VLSI) Systems}, 
  title={An area-efficient universal cryptography processor for smart cards}, 
  year={2006},
  volume={14},
  number={1},
  pages={43-56},
  doi={10.1109/TVLSI.2005.863188}
  }


@misc{STM2020,
  url={https://www.st.com/en/secure-mcus/st31p450.html?ecmp=tt12987\_gl\_link\_oct2019}, 
  journal={STMicroelectronics},
  title={ST31P450},
    author={STMicroelectronics},
    year={2020}
  }

@misc{MegaChips2020,
    url={https://hd-plc.megachips.com/asic-turnkey-services/},
    journal={MegaChips},
    title={ASIC Turnkey Services},
    author={MegaChips},
    year={2020},
    month={Apr}
}

@INPROCEEDINGS{Gross2015,
  author={Groß, Hannes and Wenger, Erich and Dobraunig, Christoph and Ehrenhöfer, Christoph},
  booktitle={2015 Euromicro Conference on Digital System Design}, 
  title={Suit up! -- Made-to-Measure Hardware Implementations of ASCON}, 
  year={2015},
  volume={},
  number={},
  pages={645-652},
  doi={10.1109/DSD.2015.14}
  }

@book{Roche2024,
    title={EUCLEAK Side-Channel Attack on the YubiKey 5 Series (Revealing and Breaking Infineon ECDSA Implementation on the Way)}, 
    url={https://ninjalab.io/wp-content/uploads/2024/09/20240903_eucleak.pdf}, 
    author={Roche, Thomas}, 
    year={2024}
    }
